@misc{hm-opetajate-streik,
    author  = "Haridus- ja Teadusministeerium",
    title   = "Õpetajate streik",
    url     = "https://hm.ee/opetajate-streik",
    urldate = {2024-05-03},
    note = "[viimati muudetud: 12.02.2024]"
}

@misc{gitlab-what-is-ci,
    title   = "What is CI/CD?",
    url     = "https://about.gitlab.com/topics/ci-cd/#what-is-continuous-integration-ci",
    urldate = {2024-05-04},
}

@misc{gitlab-what-is-cd,
    title   = "What is CI/CD?",
    url     = "https://about.gitlab.com/topics/ci-cd/#what-is-continuous-deployment",
    urldate = {2024-05-04},
}

@misc{gitlab-cicd-fundamentals,
    title   = "What is CI/CD?",
    url     = "https://about.gitlab.com/topics/ci-cd/#ci-cd-fundamentals",
    urldate = {2024-05-04},
}

@misc{gitlab-benefits-of-cicd,
    title   = "What is CI/CD?",
    url     = "https://about.gitlab.com/topics/ci-cd/#the-benefits-of-ci-cd-implementation",
    urldate = {2024-05-04},
}

@misc{gitlab-what-are-pipelines,
    title   = "What is CI/CD?",
    url     = "https://about.gitlab.com/topics/ci-cd/#what-are-ci-cd-pipelines",
    urldate = {2024-05-04},
}

@misc{github-features-actions,
    title   = "Features • GitHub Actions",
    url = "https://github.com/features/actions",
    urldate = {2024-05-04},
}
